% This file was created with JabRef 2.3.1.
% Encoding: MacRoman

@BOOK{lorem2008b,
  title = {Aliquam nec odio pellentesque tortor bibendum pretium.},
  publisher = {Nullam condimentum nisi ut eros volutpat lacinia.},
  year = {2008},
  editor = {Aliquam purus tortor},
  author = {scelerisque faucibus and fringilla diam and Suspendisse ipsum},
  volume = {2},
  number = {10},
  pages = {300--310},
  series = {Praesent erat lacus},
  address = {blandit sed},
  edition = {adipiscing non},
  month = {sep},
  timestamp = {2008.08.28}
}

@ARTICLE{lorem2008a,
  author = {Praesent Erat and Metus Laoreet and Eget Elementum},
  title = {Vel tempor non, tortor - Pellentesque porttitor urna id augue},
  journal = {Mauris scelerisque, nisl et tincidunt},
  year = {2008},
  volume = {1},
  pages = {20--30},
  number = {1},
  month = {sep},
  timestamp = {2008.08.28}
}

@WEBPAGE{bash,
  title = {The shell, or command language interpreter, that will appear in the
	{GNU} operating system},
  url = {http://www.gnu.org/software/bash/},
  lastchecked = {082008},
  key = {{@BASH}},
  crossref = {gnu.org},
  organization = {Free Software Foundation, Inc.},
  timestamp = {2008.08.16}
}

@comment{jabref-meta: selector_journal:}

@comment{jabref-meta: selector_author:}

@comment{jabref-meta: selector_keywords:}

@comment{jabref-meta: selector_publisher:}

