@misc{krdwrd.org/manual,
    author = {{The KrdWrd Team (krdwrd.org)}},
    institution = {The KrdWrd Project},
    title = {{Add-on Manual}},
    type = {manual},
    url = {https://krdwrd.org/manual/manual.pdf},
    year = {2010}
}
@phdthesis{Stemle2009,
    abstract = {This thesis discusses the KrdWrd Project. The Project goals are to provide tools and infrastructure for acquisition, visual annotation, merging and storage of Web pages as parts of bigger corpora, and to develop a classification engine that learns to automatically annotate pages, operate on the visual rendering of pages, and provide visual tools for inspection of results.},
    author = {Stemle, Egon W.},
    booktitle = {unpublished},
    month = apr,
    school = {University of Osnabr\"{u}ck},
    title = {{Hybrid Sweeping: Streamlined Perceptual Structured-Text Refinement}},
    type = {mastersthesis},
    year = {2009}
}
@book{MelzerStemle2003,
    author = {Melzer, Christine B. and Stemle, Egon W.},
    publisher = {Christine B. Melzer},
    title = {{The Complete Dictionary}},
    type = {artistsproof},
    url = {http://www.tinemelzer.eu/works/the-complete-dictionary/},
    volume = {A--Z},
    year = {2003}
}
